@InProceedings{tsivitanidouusers,
  title={Users' needs assessment for chatbots’ use in Higher Education},
  author={Tsivitanidou, Olia and Ioannou, Andri},
  booktitle={Proceedings CECIIS 2020},
  year={2020}
}

@article{zawacki2019systematic,
  title={Systematic review of research on artificial intelligence applications in higher education--where are the educators?},
  author={Zawacki-Richter, Olaf and Mar{\'\i}n, Victoria I and Bond, Melissa and Gouverneur, Franziska},
  journal={International Journal of Educational Technology in Higher Education},
  volume={16},
  number={1},
  pages={1--27},
  year={2019},
  publisher={SpringerOpen}
}

@article{debnath2019framework,
  title={A framework to implement AI-integrated chatbot in educational institutes},
  author={Debnath, Babpu and Agarwal, Aparna},
  journal={Journal of Student Research},
  year={2019}
}

@TechReport{edubots:2020,
  author = 	 {Juan Julián Merelo and Antonio Mora and Pedro Castillo},
  title = 	 {Using chatbots in higher-education classrooms: Expected benefits in an European pilot experience},
  institution =  {GeNeura Team, Universidad de Granada},
  year = 	 2020,
  number = 	 {2020-10},
  month = 	 {October},
  note = 	 {Accepted in CIVINEDU, available from \url{https://www.researchgate.net/publication/344992161_Using_chatbots_in_higher-education_classrooms_Expected_benefits_in_an_European_pilot_experience}},
  doi={10.13140/RG.2.2.11871.18081}
}

@Misc{Pyramid,
title = {Strategy for Culture Change},
author = {B. Nosek},
institution = {Center for Open Science},
howpublished = {\url{https://www.cos.io/blog/strategy-for-culture-change}}
}